<record><leader>00000cas a22000007a 4500</leader><controlfield tag="001">16474375</controlfield><controlfield tag="008">870814d18961905iaucr ne      0    0eng d</controlfield><datafield ind1=" " ind2=" " tag="010"><subfield code="a">sn 87057780 </subfield></datafield><datafield ind1=" " ind2=" " tag="040"><subfield code="a">INP</subfield><subfield code="b">eng</subfield><subfield code="c">INP</subfield><subfield code="d">OCLCQ</subfield></datafield><datafield ind1=" " ind2=" " tag="042"><subfield code="a">msc</subfield></datafield><datafield ind1="0" ind2=" " tag="130"><subfield code="a">Sentinel (Shenandoah, Iowa)</subfield></datafield><datafield ind1="1" ind2="0" tag="245"><subfield code="a">Sentinel.</subfield></datafield><datafield ind1="3" ind2="0" tag="246"><subfield code="a">Monday sentinel</subfield></datafield><datafield ind1="3" ind2="0" tag="246"><subfield code="a">Tuesday sentinel</subfield></datafield><datafield ind1="3" ind2="0" tag="246"><subfield code="a">Wednesday sentinel</subfield></datafield><datafield ind1="3" ind2="0" tag="246"><subfield code="a">Thursday sentinel</subfield></datafield><datafield ind1="3" ind2="0" tag="246"><subfield code="a">Friday sentinel</subfield></datafield><datafield ind1="1" ind2="3" tag="246"><subfield code="a">Tri-weekly sentinel</subfield></datafield><datafield ind1="1" ind2="3" tag="246"><subfield code="a">Shenandoah sentinel</subfield></datafield><datafield ind1=" " ind2=" " tag="260"><subfield code="a">Shenandoah, Page County, Iowa :</subfield><subfield code="b">[C.N. Marvin],</subfield><subfield code="c">1896-1905.</subfield></datafield><datafield ind1=" " ind2=" " tag="300"><subfield code="a">10 v.</subfield></datafield><datafield ind1=" " ind2=" " tag="310"><subfield code="a">Semiweekly,</subfield><subfield code="b">&lt;Sept. 1904&gt;-1905</subfield></datafield><datafield ind1="0" ind2=" " tag="362"><subfield code="a">Vol. 9, no. 59 (Apr. 3, 1896)-v. 18, no. 37 (Mar. 31, 1905).</subfield></datafield><datafield ind1=" " ind2=" " tag="500"><subfield code="a">Title preceded by day of issuance, 1896-&lt;1900&gt;.</subfield></datafield><datafield ind1=" " ind2=" " tag="500"><subfield code="a">Publisher varies.</subfield></datafield><datafield ind1=" " ind2=" " tag="500"><subfield code="a">Issued daily during athletic tournament, Aug. 10-15, 1896.</subfield></datafield><datafield ind1=" " ind2=" " tag="515"><subfield code="a">Occasional issues misdated.</subfield></datafield><datafield ind1=" " ind2=" " tag="752"><subfield code="a">United States</subfield><subfield code="b">Iowa</subfield><subfield code="c">Page</subfield><subfield code="d">Shenandoah.</subfield></datafield><datafield ind1="0" ind2="0" tag="780"><subfield code="t">Tri-weekly sentinel (Shenandoah, Iowa)</subfield><subfield code="w">(DLC)sn 87057762</subfield></datafield><datafield ind1="0" ind2="7" tag="785"><subfield code="t">Shenandoah post</subfield><subfield code="w">(DLC)sn 87057973</subfield></datafield><datafield ind1="0" ind2="7" tag="785"><subfield code="t">Sentinel-post</subfield><subfield code="w">(DLC)sn 87057497</subfield></datafield></record>